
NATO Phonetic Alphabet
	@booklet{nato18,
	title = {{NATO} Phonetic Alphabet, Codes and Signals},
	author = {{NATO HQ}},
	year = 2018,
	address = {Brussles, Belgium},
	note = {\url{https://www.nato.int/nato_static_fl2014/assets/pdf/pdf_2018_01/20180111_nato-alphabet-sign-signal.pdf}}
	}
	
    @online{knuthwebsite,
    author    = "Donald Knuth",
    title     = "Knuth: Computers and Typesetting",
    url       = "http://www-cs-faculty.stanford.edu/~uno/abcde.html",
    keywords  = "latex,knuth"
}
