NATO Phonetic Alphabet
@booklet{nato18,
    title = {{NATO} Phonetic Alphabet, Codes and Signals},
    author = {{NATO HQ}},
    year = 2018,
    address = {Brussles, Belgium},
    note = {\url{https://www.nato.int/nato_static_fl2014/assets/pdf/pdf_2018_01/20180111_nato-alphabet-sign-signal.pdf}}
}

Article by Albert Einstein
@article{einstein,
    author =       "Albert Einstein",
    title =        "{Zur Elektrodynamik bewegter K{\"o}rper}. ({German})
    [{On} the electrodynamics of moving bodies]",
    journal =      "Annalen der Physik",
    volume =       "322",
    number =       "10",
    pages =        "891--921",
    year =         "1905",
    note =          "\url{http://dx.doi.org/10.1002/andp.19053221004}"
}

Book on LaTeX
@book{latexcompanion,
    author    = "Michel Goossens and Frank Mittelbach and Alexander Samarin",
    title     = "The \LaTeX\ Companion",
    year      = "1993",
    publisher = "Addison-Wesley",
    address   = "Reading, Massachusetts"
}

List of Books on TeX related stuff by Don Knuth
@misc{knuthwebsite,
    author    = "Donald Knuth",
    title     = "Knuth: Computers and Typesetting",
    note       = "\url{http://www-cs-faculty.stanford.edu/\~knuth/abcde.html}"
}
